% Encoding: UTF-8

@misc{ladecadence,
  author = {{David Pello González}},
  title = {{LaDecadence}},
  howpublished = "\url{http://wiki.ladecadence.net/doku.php?id=tutorial_de_ensamblador}",
  year = {2015}
}

@misc{pandocs,
  author = "Marat Fayzullin, Pascal Felber, Paul Robson and Martin Korth",
  title = {{Pan Docs}},
  howpublished = "\url{http://bgb.bircd.org/pandocs.htm}",
  year = {1998}
}

@misc{ninty,
  author = {Nintendo},
  title = {{Manual de Programación para Game Boy}},
  howpublished = "\url{http://index-of.es/Varios-2/Game%20Boy%20Programming%20Manual.pdf}",
  year = {1999}
}

@misc{dma,
  author = {Execin},
  title = {{DMA Transfers on Game Boy}},
  howpublished = "\url{https://exez.in/gameboy-dma}",
  year = {2017}
}

@misc{rgbds,
  author = {{Anthony J. Bentley}},
  title = {{RGBDS Documentation}},
  howpublished = "\url{https://rednex.github.io/rgbds/}",
  year = {2010}
}

@misc{amshool,
  author = {{Randy Mongenel}},
  title = {{Duo’s GameBoy ASMSchool}},
  howpublished = "\url{http://gameboy.mongenel.com/index.html#}",
  year = {2010}
}

@misc{flappy,
  author = {{Felipe Alfonso (bitnenfer)}},
  title = {{FlappyBoy}},
  howpublished = "\url{https://github.com/bitnenfer/flappy-boy-asm}",
  year = {2008}
}

@misc{gbwiki,
  author = {{nitro2k01}},
  title = {{Game Boy Development Wiki}},
  howpublished = "\url{https://gbdev.gg8.se/wiki/articles/Main_Page}",
  year = {2008}
}

@misc{wikipmdr,
  author = {{Wikipedia}},
  title = {{Pokémon Mundo Misterioso: Equipo de Rescate Rojo/Azul}},
  howpublished = "\url{https://es.wikipedia.org/wiki/Pok%C3%A9mon_Mundo_Misterioso:_Equipo_de_Rescate_Azul_y_Equipo_de_Rescate_Rojo}",
  year = {2008}
}

@misc{wikipra,
  author = {{Wikipedia}},
  title = {{Pokémon Rojo/Azul}},
  howpublished = "\url{https://es.wikipedia.org/wiki/Pok%C3%A9mon_rojo_y_Pok%C3%A9mon_azul}",
  year = {2008}
}

@misc{wikizoa,
  author = {{Wikipedia}},
  title = {{The Legend Of Zelda: Oracle Of Seasons y Oracle Of Ages}},
  howpublished = "\url{https://es.wikipedia.org/wiki/The_Legend_of_Zelda:_Oracle_of_Seasons_y_Oracle_of_Ages}",
  year = {2004}
}

@misc{ch,
  author = {{Computing History}},
  title = {{Nintendo Game Boy}},
  howpublished = "\url{http://www.computinghistory.org.uk/det/4033/Nintendo-Game-Boy/}",
  year = {2013}
}

@misc{pokediss,
  author = {{Pret}},
  title = {{Pokémon Red/Blue Dissassembly Code}},
  howpublished = "\url{https://github.com/pret/pokered}",
  year = {2019}
}

@misc{wikigbf,
  author = {{Wikipedia}},
  title = {{Game Boy Family}},
  howpublished = "\url{https://en.wikipedia.org/wiki/Game_Boy_family}",
  year = {2011}
}

@misc{cpudocs,
  author = {{Marc Rawer}},
  title = {{Game Boy CPU Manual}},
  howpublished = "\url{http://marc.rawer.de/Gameboy/Docs/GBCPUman.pdf}",
  year = {1999}
}

@misc{adsr,
  author = {{Luis Colomer Blasco}},
  title = {{Acústica Musical}},
  howpublished = "\url{http://cursodeacusticamusical.blogspot.com/2015/12/capitulo-9-envolventes-de-amplitud-y-de.html}",
  year = {2016}
}

@misc{catskull,
 author = {{David DeGraw}},
  title = {{Catskull Games}},
  howpublished = "\url{https://catskullgames.com/}",
  year = {2017}
}

@misc{xataka,
  author = {{Doctor Ludos}},
  title = {{Cómo hacer un juego para la Game Boy original en pleno 2018: 'Sheep It Up!'}},
  howpublished = "\url{https://www.xataka.com/videojuegos/como-hacer-un-juego-para-la-game-boy-en-2018-sheep-it-up}",
  year = {2018}
}

@misc{gbsound,
  author = {{Zalo}},
  title = {{GB Sound Sample Generator}},
  howpublished = "\url{https://github.com/Zal0/GBSoundDemo}",
  year = {2015}
}

@misc{marc,
  author = {{Marc Davis}},
  title = {{I will compose 8 bit music for your video game or other projects}},
  howpublished = "\url{https://es.fiverr.com/marc_davs/compose-8-bit-music-for-your-video-game-or-other-projects?context_referrer=search_gigs&source=main_banner&ref_ctx_id=185d161a-e2f0-4ebf-b235-bc4c14845747&pckg_id=1&pos=3}",
  year = {2020}
}
